@article{Akaike:1974,
	author        = {Akaike, H.},
	journal       = {IEEE Transactions on Automatic Control},
	volume        = {19},
	title         = {A New Look at the Statistical Model Identification},
	year          = {1974},
	doi           = {10.1109/TAC.1974.1100705}
}

@article{Albert:1993,
	author        = {Albert, J. H. and Chib, S.},
	title         = {Bayesian Analysis of Binary and Polychotomous Response Data},
	journal       = {Journal of the American Statistical Association},
	volume        = {88},
	year          = {1993},
	doi           = {10.2307/2290350}
}

@article{Allenby:1998,
	title         = {Marketing Models of Consumer Heterogeneity},
	author        = {Allenby, G. M. and Rossi, P.},
	year          = {1998},
	journal       = {Journal of Econometrics},
	volume        = {89},
	doi           = {10.1016/S0304-4076(98)00055-4}
}

@Manual{Bhagat:2022,
  title         = {\pkg{DiscreteChoiceModels.jl}},
  author        = {Matthew Wigginton Bhagat-Conway},
  year          = {2022},
  note          = {\proglang{Julia} Package Version 0.0.1},
  url           = {https://github.com/mattwigway/DiscreteChoiceModels.jl}
}

@article{Bhat:2011,
	author        = {Bhat, C.},
	year          = {2011},
	title         = {The Maximum Approximate Composite Marginal Likelihood (MACML) Estimation of Multinomial Probit-Based Unordered Response Choice Models},
	volume        = {45},
	journal       = {Transportation Research Part B: Methodological},
  doi           = {10.1016/j.trb.2011.04.005}
}

@article{Bierlaire:2020,
  title         = {A Short Introduction to \pkg{PandasBiogeme}},
  author        = {Bierlaire, Michel},
  journal       = {EPFL (Transport and Mobility Laboratory, ENAC)},
  year          = {2020}
}

@article{Burda:2008,
  title         = {A Bayesian Mixed Logit–Probit Model for Multinomial Choice},
  journal       = {Journal of Econometrics},
  volume        = {147},
  number        = {2},
  pages         = {232-246},
  year          = {2008},
  doi           = {10.1016/j.jeconom.2008.09.029},
  author        = {Burda, M. and Harding, M. and Hausman, J.}
}

@article{Cirillo:2006,
	title         = {Evidence on the Distribution of Values of Travel Time Savings from a Six-Week Diary},
	author        = {Cirillo, C. and Axhausen, K.W.},
	year          = {2006},
	journal       = {Transportation Research Part A: Policy and Practice},
	volume        = {40},
	doi           = {10.1016/j.tra.2005.06.007}
}

@article{Croissant:2020,
  title         = {Estimation of Random Utility Models in \proglang{R}: The \pkg{mlogit} Package},
  author        = {Croissant, Y.},
  journal       = {Journal of Statistical Software},
  year          = {2020},
  volume        = {95},
  number        = {11},
  pages         = {1--41},
  doi           = {10.18637/jss.v095.i11}
}

@article{Fawcett:2006,
  title         = {An Introduction to ROC Analysis},
  journal       = {Pattern Recognition Letters},
  volume        = {27},
  number        = {8},
  pages         = {861-874},
  year          = {2006},
  doi           = {10.1016/j.patrec.2005.10.010},
  author        = {Fawcett, T.}
}

@article{Gelman:1992,
  author        = {Gelman, A. and Rubin, D. B.},
  title         = {Inference from Iterative Simulation Using Multiple Sequences},
  volume        = {7},
  journal       = {Statistical Science},
  number        = {4},
  publisher     = {Institute of Mathematical Statistics},
  pages         = {457 -- 472},
  year          = {1992},
  doi           = {10.1214/ss/1177011136}
}

@article{Geweke:1998,
	author        = {Geweke, J.},
	year          = {1998},
	title         = {Efficient Simulation from the Multivariate Normal and Student-t Distributions Subject to Linear Constraints and the Evaluation of Constraint Probabilities},
	volume        = {23},
	journal       = {Computing Science and Statistics}

}

@article{Gronau:2017,
  title         = {A Tutorial on Bridge Sampling},
  author        = {Gronau, Q. F. and Sarafoglou, A. and Matzke, D. and Ly, A. and Boehm, U. and Marsman, M. and Leslie, D. S. and Forster, J. J. and Wagenmakers, E. and Steingroever, H.},
  journal       = {Journal of Mathematical Psychology},
  volume        = {81},
  pages         = {80--97},
  year          = {2017},
  publisher     = {Elsevier},
  doi           = {10.1016/j.jmp.2017.09.005}
}

@article{Hammersley:1964,
  title         = {General Principles of the Monte Carlo Method},
  author        = {Hammersley, J. M. and Handscomb, D. C.},
  pages         = {50--75},
  year          = {1964},
  journal       = {Springer},
  doi           = {10.1007/978-94-009-5819-7_5}
}

@Manual{Hess:2019,
  title         = {\pkg{Apollo}: A Flexible, Powerful and Customisable Freeware Package for Choice Model Estimation and Application},
  author        = {Stephane Hess and David Palma},
  organization  = {Choice Modelling Centre},
  year          = {2019},
  note          = {\proglang{R} Package Version 0.2.7},
  url           = {http://www.ApolloChoiceModelling.com}
}

@article{Hewig:2011,
  author        = {Hewig, J. and Kretschmer, N. and Trippe, R. H. and Hecht, H. and Coles, M. G. H. and Holroyd, C. B. and Miltner, W. H. R.},
  title         = {Why Humans Deviate from Rational Choice},
  journal       = {Psychophysiology},
  volume        = {48},
  number        = {4},
  pages         = {507-514},
  doi           = {10.1111/j.1469-8986.2010.01081.x},
  year          = {2011}
}

@article{Imai:2005,
	title         = {A Bayesian Analysis of the Multinomial Probit Model Using Marginal Data Augmentation},
	author        = {Imai, K. and van Dyk, D. A.},
	year          = {2005},
	journal       = {Journal of Econometrics},
	volume        = {124},
	doi           = {j.jeconom.2004.02.002}
}

@Manual{Imai:2022,
  title         = {\pkg{MNP}: Fitting the Multinomial Probit Model},
  author        = {Kosuke Imai and David {van Dyk}},
  year          = {2022},
  note          = {\proglang{R} Package Version 3.1-3},
  url           = {https://CRAN.R-project.org/package=MNP}
}

@article{Julia,
  title         = {\proglang{Julia}: A {{Fresh Approach}} to {{Numerical Computing}}},
  author        = {Bezanson, Jeff and Edelman, Alan and Karpinski, Stefan and Shah, Viral B.},
  year          = {2017},
  journal       = {SIAM Review},
  volume        = {59},
  number        = {1},
  pages         = {65--98},
  publisher     = {{Society for Industrial and Applied Mathematics}},
  doi           = {10.1137/141000671}
}

@article{Li:2019,
  title         = {A Tutorial on Dirichlet Process Mixture Modeling},
  journal       = {Journal of Mathematical Psychology},
  volume        = {91},
  pages         = {128-144},
  year          = {2019},
  doi           = {10.1016/j.jmp.2019.04.004},
  author        = {Li, Y. and Schofield, E. and Gönen, M.}
}

@book{Marin:2014,
  title         = {{Bayesian Essentials with \proglang{R}}},
  author        = {Marin, J. and Robert, C.},
  publisher     = {{Springer Verlag, New York}},
  series        = {Springer Textbooks in Statistics},
  year          = {2014},
  doi           = {10.1007/978-1-4614-8687-9}
}

@article{McCulloch:1994,
	title         = {An Exact Likelihood Analysis of the Multinomial Probit Model},
	author        = {McCulloch, R. and Rossi, P.},
	year          = {1994},
	journal       = {Journal of Econometrics},
	volume        = {64},
	doi           = {10.1016/0304-4076(94)90064-7}
}

@BOOK{McElreath:2016,
	title        = {Statistical Rethinking: A Bayesian Course with Examples in \proglang{R} and \proglang{Stan}},
	author       = {McElreath, R.},
	publisher    = {Chapman and Hall/CRC},
	year         = {2020},
	doi          = {10.1201/9780429029608}
}

@article{Neal:2000,
  author       = {Neal, R. M.},
  journal      = {Journal of Computational and Graphical Statistics},
  number       = {2},
  pages        = {249--265},
  title        = {Markov Chain Sampling Methods for Dirichlet Process Mixture Models},
  volume       = {9},
  year         = {2000},
  doi          = {10.2307/1390653}
}

@article{Newton:1994,
  title        = {Approximate Bayesian Inference with the Weighted Likelihood Bootstrap},
  author       = {Newton, M. A. and Raftery, A. E.},
  journal      = {Journal of the Royal Statistical Society: Series B (Methodological)},
  volume       = {56},
  number       = {1},
  pages        = {3--26},
  year         = {1994},
  publisher    = {Wiley Online Library},
  doi          = {j.2517-6161.1994.tb01956.x}
}

@article{Nobile:1998,
	author       = {Nobile, A.},
	year         = {1998},
	title        = {A Hybrid Markov Chain for the Bayesian Analysis of the Multinomial Probit Model},
	volume       = {8},
	journal      = {Statistics and Computing},
	doi          = {10.1023/A:1008905311214}
}

@article{Oelschlaeger:2020,
	author       = {Oelschl\"{a}ger, L. and Bauer, D.},
	year         = {2020},
	title        = {Bayes Estimation of Latent Class Mixed Multinomial Probit Models},
	journal      = {TRB Annual Meeting 2021}
}

@Manual{Oelschlaeger:2021,
  title        = {\pkg{RprobitB}: Bayes Estimation of Mixed Multinomial Probit Models},
  author       = {Oelschl\"{a}ger, L. and Bauer, D.},
  year         = {2021},
  note         = {\proglang{R} Package Version 1.1.0},
  url          = {https://CRAN.R-project.org/package=RprobitB},
}

@book{Python,
  title        = {\proglang{Python} Tutorial},
  author       = {Van Rossum, Guido and Drake Jr, Fred L},
  year         = {1995},
  publisher    = {Centrum voor Wiskunde en Informatica Amsterdam, The Netherlands},
  url          = {http://www.python.org}
}

@Manual{R,
  title        = {\proglang{R}: {A} Language and Environment for Statistical Computing},
  author       = {{\proglang{R} Core Team}},
  organization = {\proglang{R} Foundation for Statistical Computing},
  address      = {Vienna, Austria},
  year         = {2017},
  url          = {https://www.R-project.org/},
}

@BOOK{Rasmussen:2000,
  author       = {Rasmussen, C. E.},
  publisher    = {MIT Press},
  title        = {The Infinite Gaussian Mixture Model},
  volume       = {12},
  year         = {2000}
}

@Manual{Rossi:2019,
  title        = {\pkg{bayesm}: Bayesian Inference for Marketing/Micro-Econometrics},
  author       = {Rossi, P.},
  year         = {2019},
  note         = {\proglang{R} Package Version 3.1-4},
  url          = {https://CRAN.R-project.org/package=bayesm}
}

@Article{Sarrias:2016,
  title        = {Discrete Choice Models with Random Parameters in \proglang{R}: The \pkg{Rchoice} Package},
  author       = {Mauricio Sarrias},
  journal      = {Journal of Statistical Software},
  year         = {2016},
  volume       = {74},
  number       = {10},
  pages        = {1--31},
  doi          = {10.18637/jss.v074.i10}
}

@article{Schwarz:1978,
	author       = {Schwarz, G.},
	journal      = {The Annals of Statistics},
	volume       = {6},
	title        = {Estimating the Dimension of a Model},
	year         = {1978}
}

@article{Train:2001,
  title        = {A Comparison of Hierarchical Bayes and Maximum Simulated Likelihood for Mixed Logit},
  author       = {Train, Kenneth},
  journal      = {University of California, Berkeley},
  pages        = {1--13},
  year         = {2001}
}

@BOOK{Train:2009,
	title        = {Discrete Choice Methods with Simulation},
	author       = {Train, K.},
	publisher    = {Cambridge University Press},
	year         = {2009},
	doi          = {10.1017/CBO9780511805271}
}

@article{Tversky:1986,
 author        = {Amos Tversky and Daniel Kahneman},
 journal       = {The Journal of Business},
 number        = {4},
 pages         = {251--278},
 publisher     = {University of Chicago Press},
 title         = {Rational Choice and the Framing of Decisions},
 volume        = {59},
 year          = {1986}
}


@article{Watanabe:2010,
  title       = {Asymptotic Equivalence of Bayes Cross Validation and Widely Applicable Information Criterion in Singular Learning Theory},
  author      = {Watanabe, S. and Opper, M.},
  journal     = {Journal of Machine Learning Research},
  volume      = {11},
  number      = {12},
  year        = {2010}
}
