@BOOK{Train:09,
	title        = {Discrete choice methods with simulation},
	author       = {Train, Kenneth},
	language     = {eng},
	edition      = {2. ed.},
	publisher    = {Cambridge Univ. Press},
	year         = {2009}
}
@ARTICLE{Scaccia:10,
	author       = {Scaccia, Luisa and Marcucci, Edoardo},
	title        = {Bayesian Flexible Modelling of Mixed Logit Models},
	year         = {2010},
	journal      = {Proceedings from the 19th International Conference on Computational Statistics}
}
@ARTICLE{Bauer:19,
	author       = {Bauer, Dietmar and B\"{u}scher, Sebastian and Batram, Manuel},
	title        = {Non-parameteric estiation of mixed discrete choice models},
	year         = {2019},
	journal   = {Second International Choice Modelling Conference in Kobe},
}
@ARTICLE{Cirillo:06,
	title = {Evidence on the distribution of values of travel time savings from a six-week diary},
	author = {Cirillo, C. and Axhausen, K.W.},
	year = {2006},
	journal = {Transportation Research Part A: Policy and Practice},
	volume = {40}
}
@ARTICLE{Bhat:11,
	author = {Bhat, Chandra},
	year = {2011},
	title = {The Maximum Approximate Composite Marginal Likelihood (MACML) Estimation of Multinomial Probit-Based Unordered Response Choice Models},
	volume = {45},
	journal = {Transportation Research Part B: Methodological}
}
@ARTICLE{Bhat:18,
    author = {Bhat, Chandra  and Lavieri, Patr{\'{i}}cia},
    journal = {Theory and Decision},
    title = {A new mixed MNP model accommodating a variety of dependent non-normal coefficient distributions},
    volume = {84},
    year = {2018}
}
@ARTICLE{Mori:14,
	title={Bayes Estimation in the Hierarchical Multinomial Probit Model},
	author={Harunori Mori},
	journal={Journal of the Japan Statistical Society},
	volume={44},
	year={2014}
}
@ARTICLE{McCulloch:94,
	title = {An exact likelihood analysis of the multinomial probit model},
	author = {McCulloch, Robert and Rossi, Peter},
	year = {1994},
	journal = {Journal of Econometrics},
	volume = {64}
}
@ARTICLE{Nobile:98,
	author = {Nobile, Agostino},
	year = {1998},
	title = {A hybrid Markov chain for the Bayesian analysis of the multinomial probit model},
	volume = {8},
	journal = {Statistics and Computing}
}
@ARTICLE{Allenby:98,
	title = {Marketing models of consumer heterogeneity},
	author = {Allenby, Greg M. and Rossi, Peter},
	year = {1998},
	journal = {Journal of Econometrics},
	volume = {89}
}
@ARTICLE{Imai:05,
	title = {A Bayesian analysis of the multinomial probit model using marginal data augmentation},
	author = {Imai, Kosuke and van Dyk, David A.},
	year = {2005},
	journal = {Journal of Econometrics},
	volume = {124}
}
@ARTICLE{Albert:93,
	author = {Albert, James H. and Chib, Siddhartha},
	title = {Bayesian Analysis of Binary and Polychotomous Response Data},
	journal = {Journal of the American Statistical Association},
	volume = {88},
	year  = {1993}
}
@ARTICLE{Geweke:98,
	author = {Geweke, John},
	year = {1998},
	title = {Efficient Simulation from the Multivariate Normal and Student-t Distributions Subject to Linear Constraints and the Evaluation of Constraint Probabilities},
	volume = {23},
	journal = {Comput. Sci. Statist.}
}
@ARTICLE{Anderson:62,
	author = "Anderson, T. W.",
	journal = "Annals of Mathematical Statistics",
	title = "On the Distribution of the Two-Sample Cramer-von Mises Criterion",
	volume = "33",
	year = "1962"
}
@ARTICLE{Peacock:83,
	author = {Peacock, J. A.},
	title = "{Two-dimensional goodness-of-fit testing in astronomy}",
	journal = {Monthly Notices of the Royal Astronomical Society},
	volume = {202},
	year = {1983}
}
@ARTICLE{Duong:12,
	author = {Duong, Tarn and Goud, Bruno and Schauer, Kristine},
	title = {Closed-form density-based framework for automatic detection of cellular morphology changes},
	volume = {109},
	year = {2012},
	journal = {Proceedings of the National Academy of Sciences}
}
@ARTICLE{Train:16,
  author = {Train, Kenneth},
  title = {Mixed logit with a flexible mixing distribution},
  journal = {Journal of choice modelling},
  year = {2016},
  volume = {19}
}
@ARTICLE{Xiong:13,
  author = {Xiong, Yingge and Mannering, Fred L.},
  title = {The heterogeneous effects of guardian supervision on adolescent driver-injury severities: A finite-mixture random-parameters approach},
  journal = {Transportation Research Part B: Methodological},
  year = {2013},
  volume = {49}
}
@ARTICLE{Fountas:19,
  author = {Fountas, Grigorios and Pantangi, Sarvani Sonduru and Hulme, Kevin F. and Anastasopoulos, Panagiotis Ch.},
  title = {The effects of driver fatigue, gender, and distracted driving on perceived and observed aggressive driving behavior: A correlated grouped random parameters bivariate probit approach},
  journal = {Analytic Methods in Accident Research},
  volume = {22},
  year = {2019}
}
@ARTICLE{Fountas:18,
  author = {Fountas, Grigorios and Anastasopoulos, Panagiotis Ch. and Abdel-Aty, Mohamed},
  title = {Analysis of accident injury-severities using a correlated random parameters ordered probit approach with time variant covariates},
  journal = {Analytic Methods in Accident Research},
  volume = {18},
  year = {2018}
}
