@book{Agresti:15,
	title        = {Foundations of Linear and Generalized Linear Models.},
	year         = {2015},
	author       = {Agresti, A.},
	publisher    = {Wiley},
	ISBN         = {978-1-118-73003-4}
}

@article{Akaike:1974,
	author = {Akaike, H.},
	publisher = {IEEE Transactions on Automatic Control},
	volume = {19},
	title = {A New Look at the Statistical Model Identification},
	year = {1974},
}

@article{Aldous:1985,
  author = {Aldous, D. J.},
  pages = {1--198},
  publisher = {Springer},
  series = {Lecture Notes in Math.},
  title = {Exchangeability and related topics},
  volume = 1117,
  year = 1985
}

@article{Bauer:19,
	author       = {Bauer, D. and B\"{u}scher, S. and Batram, M.},
	title        = {Non-parameteric estiation of mixed discrete choice models},
	year         = {2019},
	journal   = {Second International Choice Modelling Conference in Kobe},
}

@article{bayesm,
    title = {bayesm: Bayesian Inference for Marketing/Micro-Econometrics},
    author = {Peter Rossi},
    year = {2019},
    note = {R package version 3.1-4},
    url = {https://CRAN.R-project.org/package=bayesm},
}

@article{Blackwell:1973,
  author = {Blackwell, D. and MacQueen, J.},
  journal = {The Annals of Statistics},
  pages = {353--355},
  title = {Ferguson distributions via Polya urn schemes.},
  volume = {1},
  year = {1973}
}

@article{Bliss:34,
  author = {Bliss, C. I.},
  title = {The Method of Probits},
  journal = {Science},
  volume = {79},
  number = {2037},
  pages = {38-39},
  year = {1934},
  doi = {10.1126/science.79.2037.38}
}

@article{Burda:2008,
  title = {A Bayesian mixed logit–probit model for multinomial choice},
  journal = {Journal of Econometrics},
  volume = {147},
  number = {2},
  pages = {232-246},
  year = {2008},
  doi = {10.1016/j.jeconom.2008.09.029},
  url = {https://www.sciencedirect.com/science/article/pii/S0304407608001395},
  author = {Martin Burda and Matthew Harding and Jerry Hausman}
}

@article{Fawcett:2006,
  title = {An introduction to ROC analysis},
  journal = {Pattern Recognition Letters},
  volume = {27},
  number = {8},
  pages = {861-874},
  year = {2006},
  doi = {10.1016/j.patrec.2005.10.010},
  url = {https://www.sciencedirect.com/science/article/pii/S016786550500303X},
  author = {Tom Fawcett}
}

@article{Gelman:1992,
  author = {Gelman, A. and Rubin, D. B.},
  title = {Inference from Iterative Simulation Using Multiple Sequences},
  volume = {7},
  journal = {Statistical Science},
  number = {4},
  publisher = {Institute of Mathematical Statistics},
  pages = {457 -- 472},
  year = {1992},
  doi = {10.1214/ss/1177011136}
}

@article{Hewig:11,
  author = {Hewig, J. and Kretschmer, N. and Trippe, R. H. and Hecht, H. and Coles, M. G. H. and Holroyd, C. B. and Miltner, W. H. R.},
  title = {Why humans deviate from rational choice},
  journal = {Psychophysiology},
  volume = {48},
  number = {4},
  pages = {507-514},
  doi = {10.1111/j.1469-8986.2010.01081.x},
  year = {2011}
}

@article{Li:2019,
  title = {A tutorial on Dirichlet process mixture modeling},
  journal = {Journal of Mathematical Psychology},
  volume = {91},
  pages = {128-144},
  year = {2019},
  issn = {0022-2496},
  doi = {10.1016/j.jmp.2019.04.004},
  url = {https://www.sciencedirect.com/science/article/pii/S0022249618301068},
  author = {Yuelin Li and Elizabeth Schofield and Mithat Gönen}
}

@book{Marin:2014,
  title = {{Bayesian essentials with R}},
  author = {Marin, J. and Robert, C.},
  publisher = {{Springer Verlag, New York}},
  series = {Springer Textbooks in Statistics},
  year = {2014}
}

@article{mlogit,
    title = {Estimation of Random Utility  Models in {R}: The {mlogit} Package},
    author = {Yves Croissant},
    journal = {Journal of Statistical Software},
    year = {2020},
    volume = {95},
    number = {11},
    pages = {1--41},
    doi = {10.18637/jss.v095.i11},
}

@article{Neal:2000,
  ISSN = {10618600},
  URL = {http://www.jstor.org/stable/1390653},
  author = {Radford M. Neal},
  journal = {Journal of Computational and Graphical Statistics},
  number = {2},
  pages = {249--265},
  publisher = {[American Statistical Association, Taylor & Francis, Ltd., Institute of Mathematical Statistics, Interface Foundation of America]},
  title = {Markov Chain Sampling Methods for Dirichlet Process Mixture Models},
  volume = {9},
  year = {2000}
}

@BOOK{Rasmussen:2000,
 author = {Rasmussen, C. E.},
 booktitle = {Advances in Neural Information Processing Systems},
 editor = {S. Solla and T. Leen and K. M\"{u}ller},
 pages = {554-560},
 publisher = {MIT Press},
 title = {The Infinite Gaussian Mixture Model},
 volume = {12},
 year = {2000}
}

@Article{Sachs:2017,
  title = {{plotROC}: A Tool for Plotting ROC Curves},
  author = {Michael C. Sachs},
  journal = {Journal of Statistical Software, Code Snippets},
  year = {2017},
  volume = {79},
  number = {2},
  pages = {1--19},
  doi = {10.18637/jss.v079.c02}
}

@article{Schwarz:1978,
	author = {Schwarz, Gideon},
	journal = {The Annals of Statistics},
	volume = {6},
	title = {Estimating the Dimension of a Model},
	year = {1978}
}

@article{Sethuraman:1994,
  URL = {http://www.jstor.org/stable/24305538},
  author = {Sethuraman, J.},
  journal = {Statistica Sinica},
  number = {2},
  pages = {639--650},
  publisher = {Institute of Statistical Science, Academia Sinica},
  title = {A constructive definition of dirichlet priors},
  volume = {4},
  year = {1994}
}

@BOOK{Train:09,
	title        = {Discrete choice methods with simulation},
	author       = {Train, K.},
	language     = {eng},
	edition      = {2. ed.},
	publisher    = {Cambridge Univ. Press},
	year         = {2009}
}

@BOOK{McElreath:16,
	title        = {Statistical Rethinking: A Bayesian Course with Examples in R and Stan},
	author       = {McElreath, R.},
	language     = {eng},
	edition      = {2. ed.},
	publisher    = {Chapman and Hall/CRC},
	year         = {2020}
}

@ARTICLE{Scaccia:10,
	author       = {Scaccia, L. and Marcucci, E.},
	title        = {Bayesian Flexible Modelling of Mixed Logit Models},
	year         = {2010},
	journal      = {Proceedings from the 19th International Conference on Computational Statistics}
}

@ARTICLE{Mori:14,
	title={Bayes Estimation in the Hierarchical Multinomial Probit Model},
	author={Harunori Mori},
	journal={Journal of the Japan Statistical Society},
	volume={44},
	year={2014}
}

@ARTICLE{McCulloch:94,
	title = {An exact likelihood analysis of the multinomial probit model},
	author = {McCulloch, Robert and Rossi, Peter},
	year = {1994},
	journal = {Journal of Econometrics},
	volume = {64}
}

@ARTICLE{Nobile:98,
	author = {Nobile, Agostino},
	year = {1998},
	title = {A hybrid Markov chain for the Bayesian analysis of the multinomial probit model},
	volume = {8},
	journal = {Statistics and Computing}
}

@ARTICLE{Allenby:98,
	title = {Marketing models of consumer heterogeneity},
	author = {Allenby, Greg M. and Rossi, Peter},
	year = {1998},
	journal = {Journal of Econometrics},
	volume = {89}
}

@ARTICLE{Imai:05,
	title = {A Bayesian analysis of the multinomial probit model using marginal data augmentation},
	author = {Imai, Kosuke and van Dyk, David A.},
	year = {2005},
	journal = {Journal of Econometrics},
	volume = {124}
}

@ARTICLE{Albert:93,
	author = {Albert, James H. and Chib, Siddhartha},
	title = {Bayesian Analysis of Binary and Polychotomous Response Data},
	journal = {Journal of the American Statistical Association},
	volume = {88},
	year  = {1993}
}

@ARTICLE{Geweke:98,
	author = {Geweke, John},
	year = {1998},
	title = {Efficient Simulation from the Multivariate Normal and Student-t Distributions Subject to Linear Constraints and the Evaluation of Constraint Probabilities},
	volume = {23},
	journal = {Comput. Sci. Statist.}
}

@article{Oel:20,
	author = {Oelschl\"{a}ger, L. and Bauer, D.},
	year = {2020},
	title = {Bayes Estimation of Latent Class Mixed Multinomial Probit Models},
	journal = {TRB Annual Meeting 2021}
}
