@Book{Agresti2015,
  author    = {Agresti, A.},
  publisher = {Wiley},
  title     = {Foundations of linear and generalized linear models},
  year      = {2015}
}

@Article{Akaike1974,
  author  = {Akaike, H.},
  journal = {IEEE Transactions on Automatic Control},
  title   = {A new look at the statistical model identification},
  year    = {1974},
  volume  = {19}
}

@Article{Albert1993,
  author  = {Albert, J. H. and Chib, S.},
  journal = {Journal of the American Statistical Association},
  title   = {Bayesian analysis of binary and polychotomous response data},
  year    = {1993},
  volume  = {88}
}

@InProceedings{Aldous1985,
  author    = {Aldous, D. J.},
  title     = {Exchangeability and related topics},
  year      = {1985},
  editor    = {Hennequin, P. L.},
  publisher = {Springer Berlin Heidelberg}
}

@Article{Allenby1998,
  author  = {Allenby, G. M. and Rossi, P.},
  journal = {Journal of Econometrics},
  title   = {Marketing models of consumer heterogeneity},
  year    = {1998},
  volume  = {89}
}

@Article{Bauer2019,
  author  = {Bauer, D. and B\"{u}scher, S. and Batram, M.},
  journal = {Second International Choice Modelling Conference in Kobe},
  title   = {Non-parameteric estiation of mixed discrete choice models},
  year    = {2019}
}

@Article{BenAkiva1993,
  author    = {Ben-Akiva, M. and Bolduc, D. and Bradley, M.},
  journal   = {Transportation Research Record},
  title     = {Estimation of travel choice models with randomly distributed values of time},
  year      = {1993},
  volume    = {1413},
  publisher = {SAGE Publishing}
}

@Article{Blackwell1973,
  author  = {Blackwell, D. and MacQueen, J.},
  journal = {The Annals of Statistics},
  title   = {Ferguson distributions via {Polya} urn schemes},
  year    = {1973},
  volume  = {1}
}

@Article{Burda2008,
  author  = {Burda, M. and Harding, M. and Hausman, J.},
  journal = {Journal of Econometrics},
  title   = {A {Bayesian} mixed logit–probit model for multinomial choice},
  year    = {2008},
  number  = {2},
  volume  = {147}
}

@Article{Croissant2020,
  author  = {Croissant, Y.},
  journal = {Journal of Statistical Software},
  title   = {Estimation of random utility models in {R}: The mlogit package},
  year    = {2020},
  number  = {11},
  volume  = {95}
}

@Article{Fawcett2006,
  author  = {Fawcett, T.},
  journal = {Pattern recognition letters},
  title   = {An introduction to {ROC} analysis},
  year    = {2006},
  number  = {8},
  volume  = {27}
}

@Article{Gelman1992,
  author    = {Gelman, A. and Rubin, D. B.},
  journal   = {Statistical Science},
  title     = {Inference from iterative simulation using multiple sequences},
  year      = {1992},
  number    = {4},
  volume    = {7},
  publisher = {Institute of Mathematical Statistics}
}

@Article{Geweke1998,
  author  = {Geweke, J.},
  journal = {Computing Science and Statistics},
  title   = {Efficient simulation from the multivariate normal and {Student-t} distributions subject to linear constraints and the evaluation of constraint probabilities},
  year    = {1998},
  volume  = {23}
}

@Article{Gronau2017,
  author    = {Gronau, Q. F. and Sarafoglou, A. and Matzke, D. and Ly, A. and Boehm, U. and Marsman, M. and Leslie, D. S. and Forster, J. J. and Wagenmakers, E. and Steingroever, H.},
  journal   = {Journal of Mathematical Psychology},
  title     = {A tutorial on bridge sampling},
  year      = {2017},
  volume    = {81},
  publisher = {Elsevier}
}

@Article{Hammersley1964,
  author  = {Hammersley, J. M. and Handscomb, D. C.},
  journal = {Springer Verlag},
  title   = {General principles of the {Monte Carlo} method},
  year    = {1964}
}

@Article{Hewig2011,
  author  = {Hewig, J. and Kretschmer, N. and Trippe, R. H. and Hecht, H. and Coles, M. G. H. and Holroyd, C. B. and Miltner, W. H. R.},
  journal = {Psychophysiology},
  title   = {Why humans deviate from rational choice},
  year    = {2011},
  number  = {4},
  volume  = {48}
}

@Article{Imai2005,
  author  = {Imai, K. and van Dyk, D. A.},
  journal = {Journal of Econometrics},
  title   = {A {Bayesian} analysis of the multinomial probit model using marginal data augmentation},
  year    = {2005}
}

@Book{Jeffreys1998,
  author    = {Jeffreys, H.},
  publisher = {OUP Oxford},
  title     = {The theory of probability},
  year      = {1998}
}

@Article{Li2019,
  author  = {Li, Y. and Schofield, E. and Gönen, M.},
  journal = {Journal of Mathematical Psychology},
  title   = {A tutorial on {Dirichlet} process mixture modeling},
  year    = {2019},
  volume  = {91}
}

@Book{Marin2014,
  author    = {Marin, J. and Robert, C.},
  publisher = {Springer Verlag},
  title     = {Bayesian essentials with {R}},
  year      = {2014}
}

@Article{McCulloch1994,
  author  = {McCulloch, R. and Rossi, P.},
  journal = {Journal of Econometrics},
  title   = {An exact likelihood analysis of the multinomial probit model},
  year    = {1994},
  volume  = {64}
}

@Book{McElreath2020,
  author    = {McElreath, R.},
  publisher = {Chapman and Hall/CRC},
  title     = {Statistical rethinking: a {Bayesian} course with examples in {R} and {Stan}},
  year      = {2020}
}

@Article{Meijer2006,
  author    = {Meijer, E. and Rouwendal, J.},
  journal   = {Journal of Applied Econometrics},
  title     = {Measuring welfare effects in models with random coefficients},
  year      = {2006},
  number    = {2},
  volume    = {21},
  publisher = {Wiley Online Library}
}

@Article{Neal2000,
  author  = {Neal, R. M.},
  journal = {Journal of Computational and Graphical Statistics},
  title   = {Markov chain sampling methods for {Dirichlet} process mixture models},
  year    = {2000},
  number  = {2},
  volume  = {9}
}

@Article{Newton1994,
  author    = {Newton, M. A. and Raftery, A. E.},
  journal   = {Journal of the Royal Statistical Society: Series B (Methodological)},
  title     = {Approximate {Bayesian} inference with the weighted likelihood bootstrap},
  year      = {1994},
  number    = {1},
  volume    = {56},
  publisher = {Wiley Online Library}
}

@Article{Nobile1998,
  author  = {Nobile, A.},
  journal = {Statistics and Computing},
  title   = {A hybrid markov chain for the {Bayesian} analysis of the multinomial probit model},
  year    = {1998},
  volume  = {8}
}

@Article{Oelschlaeger2020,
  author  = {Oelschl\"{a}ger, L. and Bauer, D.},
  journal = {TRB Annual Meeting 2021},
  title   = {Bayes estimation of latent class mixed multinomial probit models},
  year    = {2020}
}

@Article{Rasmussen1999,
  author  = {Rasmussen, C.},
  journal = {Advances in neural information processing systems},
  title   = {The infinite {Gaussian} mixture model},
  year    = {1999},
  volume  = {12}
}

@Article{Schwarz1978,
  author  = {Schwarz, G.},
  journal = {The Annals of Statistics},
  title   = {Estimating the dimension of a model},
  year    = {1978},
  volume  = {6}
}

@Article{Sethuraman1994,
  author    = {Sethuraman, J.},
  journal   = {Statistica Sinica},
  title     = {A constructive definition of {Dirichlet} priors},
  year      = {1994},
  number    = {2},
  volume    = {4},
  publisher = {Institute of Statistical Science, Academia Sinica}
}

@Book{Train2009,
  author    = {Train, K. E.},
  publisher = {Cambridge University Press},
  title     = {Discrete choice methods with simulation},
  year      = {2009},
  edition   = {2}
}

@Article{Watanabe2010,
  author  = {Watanabe, S. and Opper, M.},
  journal = {Journal of Machine Learning Research},
  title   = {Asymptotic equivalence of {Bayes} cross validation and widely applicable information criterion in singular learning theory},
  year    = {2010},
  number  = {12},
  volume  = {11}
}
